@string{CACM = {Communications of the ACM}}
@string{JACM = {Journal of the ACM}}
@string{SIAMJC = {SIAM Journal on Computing}}

@inproceedings{Goguen84,
	author = {Joseph A. Goguen and Jos√© Meseguer},
	title = {{Unwinding and Inference Control}},
	booktitle = {IEEE Symposium on Security and Privacy},
	year = {1984},
	pages = {75--87},
	masid = {441040}
}

@article{Haigh87,
 author = {Haigh, J. Thomas and Kemmerer, Richard A. and McHugh, John and Young, William D.},
 title = {An Experience Using Two Covert Channel Analysis Techniques on a Real System Design},
 journal = {IEEE Trans. Softw. Eng.},
 issue_date = {February 1987},
 volume = {13},
 number = {2},
 month = feb,
 year = {1987},
 issn = {0098-5589},
 pages = {157--168},
 numpages = {12},
 url = {http://dx.doi.org/10.1109/TSE.1987.226479},
 doi = {10.1109/TSE.1987.226479},
 acmid = {22867},
 publisher = {IEEE Press},
 address = {Piscataway, NJ, USA},
 keywords = {Covert channels, formal specification, formal verification, multilevel security, noninterference security policies, shared resource matrix, shared resource matrix, Covert channels, formal specification, formal verification, multilevel security, noninterference security policies}
} 

@article{Kemmerer83,
 author = {Kemmerer, Richard A.},
 title = {Shared resource matrix methodology: an approach to identifying storage and timing channels},
 journal = {ACM Trans. Comput. Syst.},
 issue_date = {August 1983},
 volume = {1},
 number = {3},
 month = aug,
 year = {1983},
 issn = {0734-2071},
 pages = {256--277},
 numpages = {22},
 url = {http://doi.acm.org/10.1145/357369.357374},
 doi = {10.1145/357369.357374},
 acmid = {357374},
 publisher = {ACM},
 address = {New York, NY, USA},
 keywords = {confinement, covert channels, flow analysis, protection, storage channels, timing channels, validation}
} 

@inproceedings{He90,
  author    = {Jingsha He and
               Virgil D. Gligor},
  title     = {Information-Flow Analysis for Covert-Channel Identification
               in Multilevel Secure Operating Systems},
  booktitle = {Proceedings of the 3rd international Workshop on Computer Security Foundations},
  year      = {1990},
  pages     = {139-149}
}

@inproceedings{Tsai90,
 author = {Tsai, Chii-Ren and Gligor, Virgil D.},
 title = {A bandwidth computation model for covert storage channels and its applications},
 booktitle = {Proceedings of the 1988 IEEE conference on Security and privacy},
 series = {SP'88},
 year = {1988},
 isbn = {0-8186-0850-1},
 location = {Oakland, California},
 pages = {108--121},
 numpages = {14},
 url = {http://dl.acm.org/citation.cfm?id=1949221.1949239},
 acmid = {1949239},
 publisher = {IEEE Computer Society},
 address = {Washington, DC, USA}
} 

@book{Gligor93,
  title={A Guide to Understanding Covert Channel Analysis of Trusted Systems},
  author={Gilgor, V. D.},
  series={Technical report (Computational Logic, Inc.)},
  year={1993},
  publisher={Diane Publishing Co.}
}

@inproceedings{Millen81,
    author = {Millen, J.K.},
    title = {Information flow analysis of formal specifications},
    booktitle = {Proceedings of the IEEE Symposium on Research in Security and Privacy},
    year = {1981},
    pages = {3--8}
}

@inproceedings{Millen78,
    author = {Millen, J.K.},
    title = {An Example of a Formal Flow Violation},
    booktitle = {Proceedings of the IEEE International Conference on Computer Software and Applications},
    year = {1978},
    publisher = {IEEE Computer Society Press},
    address = {Los Alamitos, CA, USA},
    pages = {204--208}
}

@inproceedings{Millen89a,
  title = {Finite-State Noiseless Covert Channels},
  author = {Millen, J.K.},
  year = {1989},
  researchr = {http://researchr.org/publication/Millen89%3A0},
  cites = {0},
  citedby = {0},
  pages = {81-86},
  booktitle = {CSFW},
}

@inproceedings{Mchugh01,
 author = {McHugh, J.},
 title = {An Information Flow Tool for Gypsy},
 booktitle = {Proceedings of the 17th Annual Computer Security Applications Conference},
 series = {ACSAC '01},
 year = {2001},
 isbn = {0-7695-1405-7},
 pages = {191--},
 url = {http://dl.acm.org/citation.cfm?id=872016.872133},
 acmid = {872133},
 publisher = {IEEE Computer Society},
 address = {Washington, DC, USA}
} 


@book{Mchugh88,
  title={A formal justification for the Gypsy information flow tool},
  author={McHugh, J. and Akers, R.L. and Hartman, B.},
  number={no. 13, pt. 1},
  series={Technical report (Computational Logic, Inc.)},
  url={http://books.google.com/books?id=FTXXpwAACAAJ},
  year={1988},
  publisher={Computational Logic, Incorporated}
}

@INPROCEEDINGS{Rushby84,
    author = {John Rushby},
    title = {The security model of Enhanced HDM},
    booktitle = {In Proceedings 7th DoD/NBS Computer Security Initiative Conference},
    year = {1984},
    pages = {120--136}
}

@book{Feiertag80,
  title={A Technique for Proving Specifications are Multilevel Secure},
  author={Feiertag, R.J.},
  series={Computer Science Laboratory report},
  url={http://books.google.com/books?id=rgYtOAAACAAJ},
  year={1980},
  publisher={SRI International}
}

@techreport{Couture10,
 author = {Couture Eric},
 title = {Covert Channels},
 institution = {SANS Institute},
 month = {August},
 year = {2010}
}

@article{KrPaFrMa:12,
  author = {Tim Kraska and Gene Pang and Michael Franklin and Samuel Madden},
  title	 = {{MDCC}: Multi-Data Center Consistency},
  month = "March",
  year = 2012,
  archivePrefix 	= "arXiv",
  eprint = "1203.6049",
  primaryClass  = "hep-th"
}

@inproceedings{LiPoClGePrNuRo:12,
 author = {Cheng Li  and Daniel Porto and Allen Clement and Johannes Gehrke  and Nuno Pregui\c{c}a  and Rodrigo Rodrigues},
 title = {Making geo-replicated systems fast as possible, consistent when necessary},
 booktitle = {Proceedings of the 10th USENIX conference on Operating Systems Design and Implementation},
 series = {OSDI'12},
 year = {2012},
 isbn = {978-1-931971-96-6},
 location = {Hollywood, CA, USA},
 pages = {265-278},
 numpages = {14},
 url = {http://dl.acm.org/citation.cfm?id=2387880.2387906},
 acmid = {2387906},
 publisher = {USENIX Association},
 address = {Berkeley, CA, USA}
}

@inproceedings{LlFrKaAn:11,
 author = {Wyatt Lloyd and Michael J. Freedman and Michael Kaminsky  and David G. Andersen},
 title = {Don't settle for eventual: scalable causal consistency for wide-area storage with COPS},
 booktitle = {Proceedings of the Twenty-Third ACM Symposium on Operating Systems Principles},
 series = {SOSP '11},
 year = {2011},
 isbn = {978-1-4503-0977-6},
 location = {Cascais, Portugal},
 pages = {401--416},
 numpages = {16},
 url = {http://doi.acm.org/10.1145/2043556.2043593},
 doi = {10.1145/2043556.2043593},
 acmid = {2043593},
 publisher = {ACM},
 address = {New York, NY, USA},
 keywords = {ALPS systems, causal + consistency, key-value storage, read transactions, scalable wide-area replication}
} 

@misc {AIRN:13,
	key = {American},
	title = "American Registry for Internet Numbers",
  	month = "Jan.",
  	year = 2013,
  	howpublished = "{https://www.arin.net/}"	
}

@misc {RIPE:13,
	key = {RIPE},
	title = "{RIPE NCC: RIPE} Network Coordination Centre",
  	month = "Jan.",
  	year = 2013,
  	howpublished = "{http://www.ripe.net/}"	
}

@misc {w3c:13,
	key = {GEO},
	title = "{Geolocation API Specification}",
  	month = "Jan.",
  	year = 2013,
  	howpublished = "{http://www.w3.org/TR/geolocation-API/}"	
}

@misc {firefox:13,
	key = {Firefox},
	title = "Geolocation in {Firefox}",
  	month = "Jan.",
  	year = 2013,
  	howpublished = "{http://www.mozilla.org/en-GB/firefox/geolocation/}"	
}

@misc {safari:13,
	key = {Safari},
	title = "{Safari Dev Center - Apple Developer}",
  	month = "Jan.",
  	year = 2013,
  	howpublished = "{https://developer.apple.com/devcenter/safari}"	
}

@misc {opera:13,
	key = {Opera},
	title = "{Opera Mini \& Opera Mobile Browsers}",
  	month = "Jan.",
  	year = 2013,
  	howpublished = "{http://www.opera.com/mobile/specs/}"	
}

@misc {gmap:13,
	key = {Google Maps},
	title = "{Google Maps for Android}",
  	month = "Jan.",
  	year = 2013,
  	howpublished = "{http://www.google.com/mobile/maps/}"	
}

@misc {amap:13,
	key = {Apple},
	title = "{Apple - iOS6 --- All-new Apple-designed Maps with 3D views}",
  	month = "Jan.",
  	year = 2013,
  	howpublished = "{http://www.apple.com/ios/maps/}"	
}

@misc {gearth:13,
	key = {Google Earth},
	title = "{Google Earth}",
  	month = "Jan.",
  	year = 2013,
  	howpublished = "{http://earth.google.com}"	
}

@misc {esri:13,
	key = {Esri},
	title = "{Esri - GIS Mapping Software, Solutions, Services, Map Apps, and Data}",
  	month = "Jan.",
  	year = 2013,
  	howpublished = "{http://www.esri.com}"	
}

@book {Pi:13,	
	author = "Mark Pilgrim",
	publisher = "O'Reilly|Google Press",
	title = "{HTML 5}: {Up} and Running",
	year =  2010,
	isbn = "0596806027"
}

@book {La:03,	
	author = "Craig Larman",
	publisher = "O'Reilly|Google Press",
	title = "Agile and Iterative Development: {A} Manager's Guide",
	year =  2003,
	isbn = "0131111558"
}

% Things are sorted and validated below this line

@inproceedings (AlHe:08,
 author = {Sinan al-Saffar and Gregory L. Heileman},
 title = {Semantic Impact Graphs for Information Valuation},
 booktitle =  {Proceeding of the Eighth ACM Symposium on Document Engineering}, 
 address = {Sao Paulo, Brazil}, 
 pages = {209--212}, 
 month = {Sept. 16--19,}, 
 year = {2008})

@inproceedings (AlHe:10,
 author = {Sinan al-Saffar and Gregory L. Heileman},
 title = {Computing Information Value from RDF Graph Properties},
 booktitle =   {Proceedings of the 12th International Conference on Information Integration and Web-based Applications \& Services}, 
 address = {Paris}, 
 pages = {349--356}, 
 month = {Nov. 8--10,}, 
 year = {2010})
 
@misc(AF131-039,
   key = {AAA},
   title = {{AF131-039: Geographically-Aware and Targeted Secure Information Dissemination (GATSID)}},
   howpublished = {{DoD SBIR FY2013.1 Solicitation}}, 
   note = {\verb%http://www.dodsbir.net/sitis/%} )
 
@techreport(BlPa:76,
 author = {D. Elliott Bell and Leonard J. La Padula}, 
 title = {Secure Computer System: {Unified} Exposition and Multics Interpretation, {MTR-2997, Rev. 1}}, 
 institution = {The MITRE Corporation},  
 address = {Bedford, MA},
 month = {March},
 year = {1976},
 note = {ESD-TR-75-306})
 
 @misc (Co:09,
  author = {Robin Cover},
  title = {Extensible Access Control Markup Language ({XACML})},
  howpublished = {OASIS, Cover Pages},
  note = {Last modified: Dec. 12, 2009.  \verb%http://xml.coverpages.org/xacml.html%})
    
@conference(HeJa:05,
 author = {Gregory L. Heileman and Pramod A. Jamkhedkar},
 title = {{DRM} Interoperability Analysis from the Perspective of a Layered Framework},
 booktitle = {Proceedings of the Fifth ACM Workshop on Digital Rights Management},
 address = {Alexandria, VA},
 pages = {17--26},
 month = {Nov.},
 year = {2005})
  
@conference(HeJaKhHr:07,
 author = {Gregory L. Heileman and Pramod A. Jamkhedkar and Joud Khoury and Curtis J. Hrncir},
 title = {The {DRM} Game},
 booktitle = {Proceedings of the Seventh ACM Workshop on Digital Rights Management},
 address = {Alexandria, VA},
 pages = {54--62},
 month = {Oct.},
 year = {2007})

@techreport(HeHeFiSt:09,
 author = {Mark D. Heileman and Gregory L. Heileman and Andrew T. Finnell and Paul M. Stathis}, 
 title = {Green Wave Trust Evaluation Architecture},
 institution = {Modus Operandi, Inc.},  
 address = {Indialantic, FL},  
 year = {2009},
 number = {AFRL-RY-WP-TR-2008-1256},
 note = {SBIR Phase I Final Report})

@techreport(HeHeGiEv:10,
 author = {Mark D. Heileman and Gregory L. Heileman and Mike Gilger and Jason Evans}, 
 title = {SMASHUP: A Formal Framework for Secure Mashups},
 institution = {Modus Operandi, Inc.},  
 address = {Melbourne, FL},  
 year = {2010},
 number = {AFRL-RI-RS-TR-2011-044},
 note = {SBIR Phase I Final Report})

@inproceedings (HeHeHw:09,
  author = {Mark D. Heileman and Gregory L. Heileman and Jong S. Hwang},
  title = {Integrating Subjective Trust into Networked Infrastructures}, 
  booktitle = {21st Annual Systems and Software Technology Conference},
  address = {Salt Lake City, UT},
  month = {April},
  year = {2009})

@techreport(HeHeNaLa:12,
 author = {Mark D. Heileman and Gregory L. Heileman and Edward J. Nava and Christopher C. Lamb}, 
 title = {Nublu: Assured Information Sharing in Clouds},
 institution = {Modus Operandi, Inc.},  
 address = {Melbourne, FL},  
 year = {2012},
 number = {Contract No. FA8750-12-C-0132},
 note = {SBIR Phase I Final Report})

@inproceedings (HeHeShGiJa:11,
  author = {Mark D. Heileman and Gregory L. Heileman and Matthew P. Shaver and Mike Gilger and Pramod A. Jamkhekar},
  title = {SMASHUP: {S}ecure Mashup for Defense Transformation and Net-Centric Systems}, 
  booktitle = {Proceedings of the SPIE: Defense Transformations and Net-Centric Systems 2011 (Vol. 8062)},
  address = {Orlando, FL},
  month = {June},
  year = {2011},
  note = {\verb%http://dx.doi.org/10.1117/12.883486%})
 
@techreport(HuFeKu:06,
 author = {Vincent Hu and  David Ferraiolo and Rick Kuhn},
 title = {Assessment of Access Control Systems},
 institution = {National Institute of Standards and Technology},
 month = {Sep.},
 year = {2006},
 note = "{\verb%csrc.nist.gov/publications/nistir/7316/NISTIR-7316.pdf%}")

@techreport(iCD:12,
 author = {iCD Research},
 title = {{The Global C2/C4ISR Market 2011-2021}},
 institution = {Market Publishers},
 month = {Feb.},
 note = {\verb%http://pdf.marketpublishers.com/icd_research/global_c2c4isr_market_20112021.pdf%},
 year = {2012})

@misc{IDCBig:13,
 author = {{International Data Corporation}},
 title = {{IDC} Releases First Worldwide Big Data Technology and Services Market Forecast},
 howpublished = {\verb%http://www.idc.com/getdoc.jsp?containerId=prUS23355112%},
 month = {March},
 year = {2013}
}

@misc{IDCCloud:13,
 author = {{International Data Corporation}},
 title = {{IDC} Cloud Research},
 howpublished = {\verb%http://www.idc.com/prodserv/idc_cloud.jsp%},
 month = {March},
 year = {2013}
}

@misc(Informatics,
  key = {Informatics},
  title = {{Informatics Research Laboratory, Department of Electrical \& Computing Engineering, University of New Mexico}},
  howpublished = {\verb%http://www.ece.unm.edu/informatics%},
  month = {March},
  year = {2013})
  
@conference(JaHe:04,
 author = { Pramod A. Jamkhedkar and Gregory L. Heileman},
 title = {{DRM} as a Layered System},
 booktitle = {Proceedings of the Fourth ACM Workshop on Digital Rights Management},
 address = {Alexandria, VA},
 pages = {11--21},
 month = {Oct},
 year = {2004})  
  
@inproceedings (JaHe:08,
  author = {Pramod A. Jamkhedkar and Gregory L. Heileman},
  title = {A Formal Conceptual Model for Rights},
  booktitle = {Proceedings of the Eighth ACM Workshop on Digital Rights Management}, 
  address = {Alexandria, VA}, 
  pages = {29--38}, 
  month = {Oct.},
  year = {2008})  
  
@incollection(JaHe:08b,
  author =	 {Pramod A. Jamkhedkar and Gregory L. Heileman},
  booktitle =  {Handbook of Research on Secure Multimedia Distribution},
  title = {Rights Expression Languages},
  publisher = {{IGI} Publishing},
  editor = {Shiguo Lian and Yan Zhang},
  year = {2008})

@inproceedings (JaHeLa:10,
  author= {Pramod A. Jamkhedkar and Gregory L. Heileman and Christopher C. Lamb},
  title = {An Interoperable Usage Management Framework},
  booktitle = {Proceedings of the Tenth ACM Workshop on Digital Rights Management}, 
  pages = {73--88}, 
  address = {Chicago, IL},
  month = {Oct.}, 
  year = {2010})

@conference(JaHeMa:06,
  author = {Pramod A. Jamkhedkar and Gregory L. Heileman and  Ivan Mart\'inez-Ortiz},
  title = {The Problem with Rights Expression Languages},
  booktitle = {Proceedings of the Sixth ACM Workshop on Digital Rights Management},
  address = {Alexandria, VA},
  month = {Nov.},
  pages = {59--67},
  year = {2006}) 

@inproceedings (JaLaHe:11,
  author = {Pramod A. Jamkhedkar and Christopher C. Lamb and Gregory L. Heileman},
  title = {Usage Management in Cloud Computing}, 
  booktitle = {Proceedings of the 2011 IEEE 4th International Conference on Cloud Computing},
  pages = {525--532},
  address = {Washington, DC},
  month = {July},
  year = {2011})
 
@incollection (JaLaHe:12,
  author = {Pramod A. Jamkhedkar and Christopher C. Lamb and Gregory L. Heileman},
  title = {Usage Management in Cloud Computing}, 
  editor = {Frank Hartung, Ton Kalker and Shiguo Lian}, 
  booktitle = {Digital Rights Management: Technology, Standards and Applications}, 
  publisher = {Auerbach Publications}, 
  year = {2012})
  
@inproceedings (LaHe:12,
  author = {Christopher C. Lamb and Gregory L. Heileman},
  title = {Overlay Architectures Enabling Cloud Computing for Multi-Level Security Environments},
  booktitle = {Proceedings of the IEEE Eighth World Congress on Services (SERVICES)}, 
  address = {Hawaii},
  pages = {116--124}, 
  month = {June}, 
  year = {2012})
  
 @article(LaHe:12b,
   author = {Christopher Charles Lamb and Gregory Heileman},
   title = {Content-centric Information Protection in Cloud Computing},
   journal = {International Journal of Cloud Computing and Services Science},
   volume = {2},
   number = {1},
   year = {2012},
   pages = {246--257},
   ISSN={2089-3337},)
  
@article (LaHe:13,
  author = {Christopher C. Lamb and Gregory L. Heileman},
  title =  {Content-centric Information Protection in the Cloud}, 
  journal = {International Journal of Cloud Computing and Services Science  (IJ-CLOSER)}, 
  volume= {2},
  number = {1},
  pages = {246--257}, 
  year = {2013})
  
@inproceedings (LaJaBoNaHe:11,
  author = {Christopher C. Lamb and Pramod A. Jamkhedkar and Matthew P. Bohnsack and Vishwanath Nandina and Gregory L. Heileman},
  title = {A Domain Specific Language for Usage Management},
  booktitle = {Proceedings of the Eleventh ACM Workshop on Digital Rights Management}, 
  address = {Chicago, IL},
  pages = {51--62}, 
  month = {Oct.}, 
  year = {2011}) 
 
 @inproceedings (LaJaHeAb:11, 
  author = {Christopher C. Lamb and Pramod A. Jamkhedkar and Gregory L. Heileman and Chaouki T. Abdallah},
  title = {Managed Control of Composite Cloud Systems},
  booktitle = {Proceedings of the Sixth IEEE International Conference on System of Systems Engineering (SoSE)}, 
  address = {Albuquerque, NM},
  pages = {167--172}, 
  month = {June},
  year = {2011})
  
@article{Mi:12,
 author = {Miranda Miller},
 title = {Social Media Revenue Forecast to Hit \$16.9 Billion in 2012},
 journal = {Search Engine Watch},
 month = {July 26,},
 year = {2012}
}

@article(PaSa:04,
  author = {Jaehong Park and Ravi Sandhu},
  title = {The {UCON}$_{ABC}$ Usage Control Model},
  journal = {ACM Transactions on Information and System Security},
  volume = {7},
  number = {1},
  pages = {128--174},
  month = {Feb.},
  year = {2004},
  doi = {http://doi.acm.org/10.1145/984334.984339})
 
@inproceedings(PeHeAb:07,
   author = {Fernando P\'erez-Gonz\'alez and Gregory L. Heileman and Chaouki T. Abdallah},
   title = {Benford's Law in Image Processing},
   booktitle ={Proceedings of the IEEE International Conference on Image Processing (ICIP)}, 
   pages = {I-405--I-408},
   address = {San Antonio, TX}, 
   month = {Sept. 16--19,}, 
   year = {2007})   
 
 @misc(PiHe:04,
  author = {Carlos E. Pizano and Gregory L. Heileman},
  title = {Method for Securing Video Images. 6,731,756 {USA}},
  month = {May 4,},
  year = {2004})
  
 @misc (Po:12,
  author = {Andrei Popescu},
  title = {Geolocation {API} Specification},
  howpublished = {Editor's Draft for W3C Proposed Recommendation},
  month = {May},
  year = {2012},
  note = {\verb%dev.w3.org/geo/api/spec-source.html%})
 
@inproceedings(PuWe:02,
 author = {Riccardo Pucella and Vicky Weissman},
 title = {A Logic for Reasoning about Digital Rights},
 booktitle = {Proceedings of the 15th IEEE Computer Security Foundations Workshop},
 pages = {282--294},
 address = {Nova Scotia, Canada},
 month = {June},
 year = {2002})
 
@inproceedings(QuPeHe:09,
  author = {Tu-Thach Quach and Fernando P\'erez-Gonz\'alez and Gregory L. Heileman},
  title = {Model-Based Steganalysis Using Invariant Features},
  booktitle = {IS\&T/SPIE Electronic Imaging Science and Technology: Media Forensics and Security XI (Conference EI120)}, 
  address = {San Jose, CA}, 
  month = {Jan. 18--22,}, 
  year = {2009}) 
 
@inproceedings(SeKaBe:09,
 author = {Oshani Seneviratne and Lalana Kagal and Tim Berners-Lee},
 title = {Policy-Aware Content Reuse on the Web},
 booktitle = {Proceedings of the 8th International Semantic Web Conference},
 address = {Chantilly, VA},
 pages = {553--568},
 month = {Oct.},
 year = {2009})

@article{Si:12,
 author = {Francis Sideco},
 title = {Mobile Communications Equipment Market Set for Double Digit Growth This Year},
 journal = {IHS iSuppli Market Research},
 month = {Nov. 27,},
 year = {2012}
}

@article (Tu:36,
 author = {A. Turing},
 title = {On Computable Numbers with an Application to the Entscheidungsproblem},
 journal = {Proceedings of the London Mathematical Society},
 volume = {42}, 
 pages = {230-265},
 year = {1936})

@misc{WikipediaBig:13,
 key = {Big data},
 title = {Big data},
 howpublished = {\verb%http://en.wikipedia.org/wiki/Big_data%},
 month = {March},
 year = {2013},
 note = {Wikipedia}
}

@misc{WikipediaCloud:13,
 key = {Cloud computing},
 title = {Cloud computing},
 howpublished = {\verb%http://en.wikipedia.org/wiki/Cloud_computing%},
 month = {March},
 year = {2013},
 note = {Wikipedia}
}

@misc{WikipediaMobileComputing:13,
 key = {Mobile computing},
 title = {Mobile computing},
 howpublished = {\verb%http://en.wikipedia.org/wiki/Mobile_computing%},
 month = {March},
 year = {2013},
 note = {Wikipedia}
}

@misc{WikipediaMobilePhone:13,
 key = {Mobile phone},
 title = {Mobile phone},
 howpublished = {\verb%http://en.wikipedia.org/wiki/Mobile_communication%},
 month = {March},
 year = {2013},
 note = {Wikipedia}
}

@misc{WikipediaSocial:13,
 key = {Social media},
 title = {Social media},
 howpublished = {\verb%http://en.wikipedia.org/wiki/Social_media%},
 month = {March},
 year = {2013},
 note = {Wikipedia}
}
